<record><leader>00000cas a22000007a 4500</leader><controlfield tag="001">25523712</controlfield><controlfield tag="008">920324d19261926maudn ne      0    0eng d</controlfield><controlfield tag="009">9107</controlfield><datafield ind1=" " ind2=" " tag="010"><subfield code="a">sn 92056996 </subfield></datafield><datafield ind1=" " ind2=" " tag="040"><subfield code="a">MGN</subfield><subfield code="b">eng</subfield><subfield code="c">MGN</subfield></datafield><datafield ind1=" " ind2=" " tag="042"><subfield code="a">msc</subfield></datafield><datafield ind1="0" ind2="0" tag="245"><subfield code="a">Fall River herald, Fall River evening news.</subfield></datafield><datafield ind1="1" ind2="3" tag="246"><subfield code="a">Fall River herald and the Fall River evening news</subfield></datafield><datafield ind1=" " ind2=" " tag="260"><subfield code="a">Fall River, Mass. :</subfield><subfield code="b">Fall River Daily Herald Pub. Co.,</subfield></datafield><datafield ind1=" " ind2=" " tag="300"><subfield code="a">v.</subfield></datafield><datafield ind1=" " ind2=" " tag="310"><subfield code="a">Daily (except Sun.)</subfield></datafield><datafield ind1="0" ind2=" " tag="362"><subfield code="a">Vol. 54, no. 137 (June 14, 1926)-v. 54, no. 218 (Sept. 18, 1926).</subfield></datafield><datafield ind1=" " ind2=" " tag="752"><subfield code="a">United States</subfield><subfield code="b">Massachusetts</subfield><subfield code="c">Bristol</subfield><subfield code="d">Fall River.</subfield></datafield><datafield ind1="0" ind2="4" tag="780"><subfield code="t">Fall River herald (Fall River, Mass. : 1924)</subfield><subfield code="w">(DLC)sn 89062155</subfield></datafield><datafield ind1="0" ind2="4" tag="780"><subfield code="t">Fall River evening news</subfield><subfield code="w">(DLC)sn 92057039</subfield></datafield><datafield ind1="0" ind2="0" tag="785"><subfield code="t">Fall River herald news</subfield><subfield code="w">(DLC)sn 89062156</subfield></datafield></record>